@manual{startBB,
      note   = "BeagleBone getting started, \url{http://www.beagleboard.org/getting-started}",
      year   = "June, 2014"
    }


@manual{flashBB,
      note   = "Flashing the BeagleBone Black, \url{http://www.synopsys.com}",
      year   = "May, 2013"
    }

@manual{molloy,
      note   = "derekmolloy.ie, \url{http://derekmolloy.ie/tag/beaglebone-black/}",
      year   = "June, 2014"
    }
	
	
@manual{logicam,
      note   = "LogitechÂ® HD Pro Webcam C920, \url{http://www.logitech.com/en-hk/product/hd-pro-webcam-c920}",

    }

	
